<record><leader>00000cas a2200000 a 4500</leader><controlfield tag="001">13277454</controlfield><controlfield tag="008">860310c19299999ncuir ne      0   a0eng d</controlfield><datafield ind1=" " ind2=" " tag="010"><subfield code="a">sn 91068204 </subfield></datafield><datafield ind1=" " ind2=" " tag="040"><subfield code="a">NCS</subfield><subfield code="b">eng</subfield><subfield code="c">NCS</subfield><subfield code="d">NVJ</subfield><subfield code="d">OCLCQ</subfield></datafield><datafield ind1=" " ind2=" " tag="042"><subfield code="a">msc</subfield></datafield><datafield ind1="0" ind2="0" tag="245"><subfield code="a">Stanly news and press.</subfield></datafield><datafield ind1="1" ind2="3" tag="246"><subfield code="a">Sunday Stanly news &amp; press</subfield></datafield><datafield ind1="1" ind2="3" tag="246"><subfield code="a">Sunday Stanly news and press</subfield></datafield><datafield ind1=" " ind2=" " tag="260"><subfield code="a">Albemarle, N.C. :</subfield><subfield code="b">Press Print. Co.</subfield></datafield><datafield ind1=" " ind2=" " tag="300"><subfield code="a">v.</subfield></datafield><datafield ind1=" " ind2=" " tag="310"><subfield code="a">Three times a week,</subfield><subfield code="b">Mar. 4, 1990-</subfield></datafield><datafield ind1=" " ind2=" " tag="321"><subfield code="a">Semiweekly,</subfield><subfield code="b">Dec. 3, 1929-Mar. 1, 1990</subfield></datafield><datafield ind1="0" ind2=" " tag="362"><subfield code="a">Vol. 49, no. 1 (Dec. 3, 1929)-</subfield></datafield><datafield ind1=" " ind2=" " tag="500"><subfield code="a">On Sundays published as: The Sunday Stanly news &amp; press, Mar. 4, 1990-</subfield></datafield><datafield ind1=" " ind2=" " tag="752"><subfield code="a">United States</subfield><subfield code="b">North Carolina</subfield><subfield code="c">Stanly</subfield><subfield code="d">Albemarle.</subfield></datafield><datafield ind1="0" ind2="4" tag="780"><subfield code="t">Albemarle press</subfield><subfield code="w">(DLC)sn 91068199</subfield></datafield><datafield ind1="0" ind2="4" tag="780"><subfield code="t">Stanly news-herald</subfield><subfield code="w">(DLC)sn 91068196</subfield></datafield></record>